%YAML 1.1
%TAG !u! tag:unity3d.com,2011:
--- !u!1 &4108554346579133047
GameObject:
  m_ObjectHideFlags: 0
  m_CorrespondingSourceObject: {fileID: 0}
  m_PrefabInstance: {fileID: 0}
  m_PrefabAsset: {fileID: 0}
  serializedVersion: 6
  m_Component:
  - component: {fileID: 4108554346579133046}
  - component: {fileID: 4108554346579133045}
  - component: {fileID: 4108554346579132938}
  - component: {fileID: 4108554346579132936}
  - component: {fileID: 4108554346579132937}
  - component: {fileID: 3886332329806366271}
  - component: {fileID: 2164552612004698230}
  m_Layer: 9
  m_Name: LeftAccept
  m_TagString: Player
  m_Icon: {fileID: 0}
  m_NavMeshLayer: 0
  m_StaticEditorFlags: 0
  m_IsActive: 1
--- !u!4 &4108554346579133046
Transform:
  m_ObjectHideFlags: 0
  m_CorrespondingSourceObject: {fileID: 0}
  m_PrefabInstance: {fileID: 0}
  m_PrefabAsset: {fileID: 0}
  m_GameObject: {fileID: 4108554346579133047}
  m_LocalRotation: {x: 0, y: 0, z: 0, w: 1}
  m_LocalPosition: {x: 0, y: 0, z: 0}
  m_LocalScale: {x: 1, y: 1, z: 1}
  m_Children:
  - {fileID: 5869283388220221578}
  m_Father: {fileID: 0}
  m_RootOrder: 0
  m_LocalEulerAnglesHint: {x: 0, y: 0, z: 0}
--- !u!65 &4108554346579133045
BoxCollider:
  m_ObjectHideFlags: 0
  m_CorrespondingSourceObject: {fileID: 0}
  m_PrefabInstance: {fileID: 0}
  m_PrefabAsset: {fileID: 0}
  m_GameObject: {fileID: 4108554346579133047}
  m_Material: {fileID: 0}
  m_IsTrigger: 1
  m_Enabled: 1
  serializedVersion: 2
  m_Size: {x: 0.060016714, y: 0.109657526, z: 0.20145553}
  m_Center: {x: 0, y: 0, z: -0.15}
--- !u!54 &4108554346579132938
Rigidbody:
  m_ObjectHideFlags: 0
  m_CorrespondingSourceObject: {fileID: 0}
  m_PrefabInstance: {fileID: 0}
  m_PrefabAsset: {fileID: 0}
  m_GameObject: {fileID: 4108554346579133047}
  serializedVersion: 2
  m_Mass: 1
  m_Drag: 0
  m_AngularDrag: 0.05
  m_UseGravity: 1
  m_IsKinematic: 1
  m_Interpolate: 0
  m_Constraints: 0
  m_CollisionDetection: 0
--- !u!114 &4108554346579132936
MonoBehaviour:
  m_ObjectHideFlags: 0
  m_CorrespondingSourceObject: {fileID: 0}
  m_PrefabInstance: {fileID: 0}
  m_PrefabAsset: {fileID: 0}
  m_GameObject: {fileID: 4108554346579133047}
  m_Enabled: 1
  m_EditorHideFlags: 0
  m_Script: {fileID: 11500000, guid: aa584fbee541324448dd18d8409c7a41, type: 3}
  m_Name: 
  m_EditorClassIdentifier: 
  ObservedComponentsFoldoutOpen: 1
  Group: 0
  prefixField: -1
  Synchronization: 3
  OwnershipTransfer: 0
  ObservedComponents:
  - {fileID: 4108554346579132937}
  viewIdField: 0
  InstantiationId: 2
  isRuntimeInstantiated: 0
--- !u!114 &4108554346579132937
MonoBehaviour:
  m_ObjectHideFlags: 0
  m_CorrespondingSourceObject: {fileID: 0}
  m_PrefabInstance: {fileID: 0}
  m_PrefabAsset: {fileID: 0}
  m_GameObject: {fileID: 4108554346579133047}
  m_Enabled: 1
  m_EditorHideFlags: 0
  m_Script: {fileID: 11500000, guid: 8efc6b1d64977384eb3405357896c656, type: 3}
  m_Name: 
  m_EditorClassIdentifier: 
  m_PositionModel:
    SynchronizeEnabled: 1
    TeleportEnabled: 1
    TeleportIfDistanceGreaterThan: 3
    InterpolateOption: 2
    InterpolateMoveTowardsSpeed: 1
    InterpolateLerpSpeed: 1
    ExtrapolateOption: 0
    ExtrapolateSpeed: 1
    ExtrapolateIncludingRoundTripTime: 1
    ExtrapolateNumberOfStoredPositions: 1
  m_RotationModel:
    SynchronizeEnabled: 1
    InterpolateOption: 1
    InterpolateRotateTowardsSpeed: 180
    InterpolateLerpSpeed: 5
  m_ScaleModel:
    SynchronizeEnabled: 0
    InterpolateOption: 0
    InterpolateMoveTowardsSpeed: 1
    InterpolateLerpSpeed: 0
--- !u!114 &3886332329806366271
MonoBehaviour:
  m_ObjectHideFlags: 0
  m_CorrespondingSourceObject: {fileID: 0}
  m_PrefabInstance: {fileID: 0}
  m_PrefabAsset: {fileID: 0}
  m_GameObject: {fileID: 4108554346579133047}
  m_Enabled: 1
  m_EditorHideFlags: 0
  m_Script: {fileID: 11500000, guid: f105371d1afa08542a43963f8caef571, type: 3}
  m_Name: 
  m_EditorClassIdentifier: 
  removeBehaviours:
  - {fileID: 5830144734406147220}
--- !u!114 &2164552612004698230
MonoBehaviour:
  m_ObjectHideFlags: 0
  m_CorrespondingSourceObject: {fileID: 0}
  m_PrefabInstance: {fileID: 0}
  m_PrefabAsset: {fileID: 0}
  m_GameObject: {fileID: 4108554346579133047}
  m_Enabled: 1
  m_EditorHideFlags: 0
  m_Script: {fileID: 11500000, guid: 2a95e4c930a8fe947a3a56bdbd778584, type: 3}
  m_Name: 
  m_EditorClassIdentifier: 
  punchingForce: 2
--- !u!1001 &5872086814667748378
PrefabInstance:
  m_ObjectHideFlags: 0
  serializedVersion: 2
  m_Modification:
    m_TransformParent: {fileID: 4108554346579133046}
    m_Modifications:
    - target: {fileID: 1000013597184258, guid: 057574477c20401448aba7c848873712, type: 3}
      propertyPath: m_Name
      value: vr_glove_left
      objectReference: {fileID: 0}
    - target: {fileID: 1000013597184258, guid: 057574477c20401448aba7c848873712, type: 3}
      propertyPath: m_TagString
      value: Player
      objectReference: {fileID: 0}
    - target: {fileID: 1000013597184258, guid: 057574477c20401448aba7c848873712, type: 3}
      propertyPath: m_Layer
      value: 9
      objectReference: {fileID: 0}
    - target: {fileID: 4000013477813392, guid: 057574477c20401448aba7c848873712, type: 3}
      propertyPath: m_LocalPosition.x
      value: 0
      objectReference: {fileID: 0}
    - target: {fileID: 4000013477813392, guid: 057574477c20401448aba7c848873712, type: 3}
      propertyPath: m_LocalPosition.y
      value: 0
      objectReference: {fileID: 0}
    - target: {fileID: 4000013477813392, guid: 057574477c20401448aba7c848873712, type: 3}
      propertyPath: m_LocalPosition.z
      value: 0
      objectReference: {fileID: 0}
    - target: {fileID: 4000013477813392, guid: 057574477c20401448aba7c848873712, type: 3}
      propertyPath: m_LocalRotation.x
      value: 0
      objectReference: {fileID: 0}
    - target: {fileID: 4000013477813392, guid: 057574477c20401448aba7c848873712, type: 3}
      propertyPath: m_LocalRotation.y
      value: 0
      objectReference: {fileID: 0}
    - target: {fileID: 4000013477813392, guid: 057574477c20401448aba7c848873712, type: 3}
      propertyPath: m_LocalRotation.z
      value: 0
      objectReference: {fileID: 0}
    - target: {fileID: 4000013477813392, guid: 057574477c20401448aba7c848873712, type: 3}
      propertyPath: m_LocalRotation.w
      value: 1
      objectReference: {fileID: 0}
    - target: {fileID: 4000013477813392, guid: 057574477c20401448aba7c848873712, type: 3}
      propertyPath: m_RootOrder
      value: 0
      objectReference: {fileID: 0}
    - target: {fileID: 4000013477813392, guid: 057574477c20401448aba7c848873712, type: 3}
      propertyPath: m_LocalEulerAnglesHint.x
      value: 0
      objectReference: {fileID: 0}
    - target: {fileID: 4000013477813392, guid: 057574477c20401448aba7c848873712, type: 3}
      propertyPath: m_LocalEulerAnglesHint.y
      value: 0
      objectReference: {fileID: 0}
    - target: {fileID: 4000013477813392, guid: 057574477c20401448aba7c848873712, type: 3}
      propertyPath: m_LocalEulerAnglesHint.z
      value: 0
      objectReference: {fileID: 0}
    - target: {fileID: 4000013477813392, guid: 057574477c20401448aba7c848873712, type: 3}
      propertyPath: m_LocalScale.x
      value: 1
      objectReference: {fileID: 0}
    - target: {fileID: 4000013477813392, guid: 057574477c20401448aba7c848873712, type: 3}
      propertyPath: m_LocalScale.y
      value: 1
      objectReference: {fileID: 0}
    - target: {fileID: 4000013477813392, guid: 057574477c20401448aba7c848873712, type: 3}
      propertyPath: m_LocalScale.z
      value: 1
      objectReference: {fileID: 0}
    - target: {fileID: 114000010158459022, guid: 057574477c20401448aba7c848873712,
        type: 3}
      propertyPath: updatePose
      value: 0
      objectReference: {fileID: 0}
    - target: {fileID: 114000010158459022, guid: 057574477c20401448aba7c848873712,
        type: 3}
      propertyPath: rangeOfMotion
      value: 1
      objectReference: {fileID: 0}
    - target: {fileID: 1000014247571144, guid: 057574477c20401448aba7c848873712, type: 3}
      propertyPath: m_Layer
      value: 9
      objectReference: {fileID: 0}
    - target: {fileID: 1000013706971144, guid: 057574477c20401448aba7c848873712, type: 3}
      propertyPath: m_Layer
      value: 9
      objectReference: {fileID: 0}
    - target: {fileID: 1000013706971144, guid: 057574477c20401448aba7c848873712, type: 3}
      propertyPath: m_Name
      value: m_root
      objectReference: {fileID: 0}
    - target: {fileID: 1000013053917184, guid: 057574477c20401448aba7c848873712, type: 3}
      propertyPath: m_Layer
      value: 9
      objectReference: {fileID: 0}
    - target: {fileID: 1000012534857810, guid: 057574477c20401448aba7c848873712, type: 3}
      propertyPath: m_Layer
      value: 9
      objectReference: {fileID: 0}
    - target: {fileID: 1000012340191400, guid: 057574477c20401448aba7c848873712, type: 3}
      propertyPath: m_Layer
      value: 9
      objectReference: {fileID: 0}
    - target: {fileID: 1000010925261530, guid: 057574477c20401448aba7c848873712, type: 3}
      propertyPath: m_Layer
      value: 9
      objectReference: {fileID: 0}
    - target: {fileID: 1000010797328938, guid: 057574477c20401448aba7c848873712, type: 3}
      propertyPath: m_Layer
      value: 9
      objectReference: {fileID: 0}
    - target: {fileID: 1000010333623354, guid: 057574477c20401448aba7c848873712, type: 3}
      propertyPath: m_Layer
      value: 9
      objectReference: {fileID: 0}
    - target: {fileID: 1000010132536140, guid: 057574477c20401448aba7c848873712, type: 3}
      propertyPath: m_Layer
      value: 9
      objectReference: {fileID: 0}
    - target: {fileID: 1000012590112950, guid: 057574477c20401448aba7c848873712, type: 3}
      propertyPath: m_Layer
      value: 9
      objectReference: {fileID: 0}
    - target: {fileID: 1000013873180986, guid: 057574477c20401448aba7c848873712, type: 3}
      propertyPath: m_Layer
      value: 9
      objectReference: {fileID: 0}
    - target: {fileID: 1000013654522248, guid: 057574477c20401448aba7c848873712, type: 3}
      propertyPath: m_Layer
      value: 9
      objectReference: {fileID: 0}
    - target: {fileID: 1000010944144148, guid: 057574477c20401448aba7c848873712, type: 3}
      propertyPath: m_Layer
      value: 9
      objectReference: {fileID: 0}
    - target: {fileID: 1000011974746308, guid: 057574477c20401448aba7c848873712, type: 3}
      propertyPath: m_Layer
      value: 9
      objectReference: {fileID: 0}
    - target: {fileID: 137000011342081356, guid: 057574477c20401448aba7c848873712,
        type: 3}
      propertyPath: m_Materials.Array.data[0]
      value: 
      objectReference: {fileID: 2100000, guid: c7312f085724cc04ba0f728f7a414c6d, type: 2}
    - target: {fileID: 1000013170052412, guid: 057574477c20401448aba7c848873712, type: 3}
      propertyPath: m_Layer
      value: 9
      objectReference: {fileID: 0}
    - target: {fileID: 1000014247877008, guid: 057574477c20401448aba7c848873712, type: 3}
      propertyPath: m_Layer
      value: 9
      objectReference: {fileID: 0}
    - target: {fileID: 1000014108400894, guid: 057574477c20401448aba7c848873712, type: 3}
      propertyPath: m_Layer
      value: 9
      objectReference: {fileID: 0}
    - target: {fileID: 1000012061993776, guid: 057574477c20401448aba7c848873712, type: 3}
      propertyPath: m_Layer
      value: 9
      objectReference: {fileID: 0}
    - target: {fileID: 1000011363951610, guid: 057574477c20401448aba7c848873712, type: 3}
      propertyPath: m_Layer
      value: 9
      objectReference: {fileID: 0}
    - target: {fileID: 1000012425187714, guid: 057574477c20401448aba7c848873712, type: 3}
      propertyPath: m_Layer
      value: 9
      objectReference: {fileID: 0}
    - target: {fileID: 1000013504214788, guid: 057574477c20401448aba7c848873712, type: 3}
      propertyPath: m_Layer
      value: 9
      objectReference: {fileID: 0}
    - target: {fileID: 1000010677600302, guid: 057574477c20401448aba7c848873712, type: 3}
      propertyPath: m_Layer
      value: 9
      objectReference: {fileID: 0}
    - target: {fileID: 1000010361051268, guid: 057574477c20401448aba7c848873712, type: 3}
      propertyPath: m_Layer
      value: 9
      objectReference: {fileID: 0}
    - target: {fileID: 1000011316145320, guid: 057574477c20401448aba7c848873712, type: 3}
      propertyPath: m_Layer
      value: 9
      objectReference: {fileID: 0}
    - target: {fileID: 1000012731342810, guid: 057574477c20401448aba7c848873712, type: 3}
      propertyPath: m_Layer
      value: 9
      objectReference: {fileID: 0}
    - target: {fileID: 1000013906715598, guid: 057574477c20401448aba7c848873712, type: 3}
      propertyPath: m_Layer
      value: 9
      objectReference: {fileID: 0}
    - target: {fileID: 1000011081038848, guid: 057574477c20401448aba7c848873712, type: 3}
      propertyPath: m_Layer
      value: 9
      objectReference: {fileID: 0}
    - target: {fileID: 1000011018347554, guid: 057574477c20401448aba7c848873712, type: 3}
      propertyPath: m_Layer
      value: 9
      objectReference: {fileID: 0}
    - target: {fileID: 1000011628304534, guid: 057574477c20401448aba7c848873712, type: 3}
      propertyPath: m_Layer
      value: 9
      objectReference: {fileID: 0}
    - target: {fileID: 1000012633235452, guid: 057574477c20401448aba7c848873712, type: 3}
      propertyPath: m_Layer
      value: 9
      objectReference: {fileID: 0}
    - target: {fileID: 1000011084996872, guid: 057574477c20401448aba7c848873712, type: 3}
      propertyPath: m_Layer
      value: 9
      objectReference: {fileID: 0}
    - target: {fileID: 1000010502003306, guid: 057574477c20401448aba7c848873712, type: 3}
      propertyPath: m_Layer
      value: 9
      objectReference: {fileID: 0}
    - target: {fileID: 1000010504958960, guid: 057574477c20401448aba7c848873712, type: 3}
      propertyPath: m_Layer
      value: 9
      objectReference: {fileID: 0}
    m_RemovedComponents: []
  m_SourcePrefab: {fileID: 100100000, guid: 057574477c20401448aba7c848873712, type: 3}
--- !u!4 &5869283388220221578 stripped
Transform:
  m_CorrespondingSourceObject: {fileID: 4000013477813392, guid: 057574477c20401448aba7c848873712,
    type: 3}
  m_PrefabInstance: {fileID: 5872086814667748378}
  m_PrefabAsset: {fileID: 0}
--- !u!114 &5830144734406147220 stripped
MonoBehaviour:
  m_CorrespondingSourceObject: {fileID: 114000010158459022, guid: 057574477c20401448aba7c848873712,
    type: 3}
  m_PrefabInstance: {fileID: 5872086814667748378}
  m_PrefabAsset: {fileID: 0}
  m_GameObject: {fileID: 0}
  m_Enabled: 1
  m_EditorHideFlags: 0
  m_Script: {fileID: 11500000, guid: 00f6c0d7b5a00aa4a8d38a09a0480032, type: 3}
  m_Name: 
  m_EditorClassIdentifier: 
