%YAML 1.1
%TAG !u! tag:unity3d.com,2011:
--- !u!1 &4108554346579133047
GameObject:
  m_ObjectHideFlags: 0
  m_CorrespondingSourceObject: {fileID: 0}
  m_PrefabInstance: {fileID: 0}
  m_PrefabAsset: {fileID: 0}
  serializedVersion: 6
  m_Component:
  - component: {fileID: 4108554346579133046}
  - component: {fileID: 4108554346579133044}
  - component: {fileID: 4108554346579133045}
  - component: {fileID: 4108554346579132938}
  - component: {fileID: 4108554346579132936}
  - component: {fileID: 4108554346579132937}
  - component: {fileID: 3751591142346398136}
  - component: {fileID: 4968644842313285795}
  m_Layer: 9
  m_Name: RightPreview
  m_TagString: Player
  m_Icon: {fileID: 0}
  m_NavMeshLayer: 0
  m_StaticEditorFlags: 0
  m_IsActive: 1
--- !u!4 &4108554346579133046
Transform:
  m_ObjectHideFlags: 0
  m_CorrespondingSourceObject: {fileID: 0}
  m_PrefabInstance: {fileID: 0}
  m_PrefabAsset: {fileID: 0}
  m_GameObject: {fileID: 4108554346579133047}
  m_LocalRotation: {x: 0, y: 0, z: 0, w: 1}
  m_LocalPosition: {x: 0, y: 0, z: 0}
  m_LocalScale: {x: 1, y: 1, z: 1}
  m_Children:
  - {fileID: 591527359709701636}
  m_Father: {fileID: 0}
  m_RootOrder: 0
  m_LocalEulerAnglesHint: {x: 0, y: 0, z: 0}
--- !u!23 &4108554346579133044
MeshRenderer:
  m_ObjectHideFlags: 0
  m_CorrespondingSourceObject: {fileID: 0}
  m_PrefabInstance: {fileID: 0}
  m_PrefabAsset: {fileID: 0}
  m_GameObject: {fileID: 4108554346579133047}
  m_Enabled: 1
  m_CastShadows: 1
  m_ReceiveShadows: 1
  m_DynamicOccludee: 1
  m_MotionVectors: 1
  m_LightProbeUsage: 1
  m_ReflectionProbeUsage: 1
  m_RenderingLayerMask: 1
  m_RendererPriority: 0
  m_Materials:
  - {fileID: 2100000, guid: d5ed5f09cdb515b45ae5f0b39e5edcd6, type: 2}
  m_StaticBatchInfo:
    firstSubMesh: 0
    subMeshCount: 0
  m_StaticBatchRoot: {fileID: 0}
  m_ProbeAnchor: {fileID: 0}
  m_LightProbeVolumeOverride: {fileID: 0}
  m_ScaleInLightmap: 1
  m_PreserveUVs: 0
  m_IgnoreNormalsForChartDetection: 0
  m_ImportantGI: 0
  m_StitchLightmapSeams: 0
  m_SelectedEditorRenderState: 3
  m_MinimumChartSize: 4
  m_AutoUVMaxDistance: 0.5
  m_AutoUVMaxAngle: 89
  m_LightmapParameters: {fileID: 0}
  m_SortingLayerID: 0
  m_SortingLayer: 0
  m_SortingOrder: 0
--- !u!65 &4108554346579133045
BoxCollider:
  m_ObjectHideFlags: 0
  m_CorrespondingSourceObject: {fileID: 0}
  m_PrefabInstance: {fileID: 0}
  m_PrefabAsset: {fileID: 0}
  m_GameObject: {fileID: 4108554346579133047}
  m_Material: {fileID: 0}
  m_IsTrigger: 1
  m_Enabled: 1
  serializedVersion: 2
  m_Size: {x: 0.060016714, y: 0.109657526, z: 0.20145553}
  m_Center: {x: 0, y: 0, z: -0.15}
--- !u!54 &4108554346579132938
Rigidbody:
  m_ObjectHideFlags: 0
  m_CorrespondingSourceObject: {fileID: 0}
  m_PrefabInstance: {fileID: 0}
  m_PrefabAsset: {fileID: 0}
  m_GameObject: {fileID: 4108554346579133047}
  serializedVersion: 2
  m_Mass: 1
  m_Drag: 0
  m_AngularDrag: 0.05
  m_UseGravity: 1
  m_IsKinematic: 1
  m_Interpolate: 0
  m_Constraints: 0
  m_CollisionDetection: 0
--- !u!114 &4108554346579132936
MonoBehaviour:
  m_ObjectHideFlags: 0
  m_CorrespondingSourceObject: {fileID: 0}
  m_PrefabInstance: {fileID: 0}
  m_PrefabAsset: {fileID: 0}
  m_GameObject: {fileID: 4108554346579133047}
  m_Enabled: 1
  m_EditorHideFlags: 0
  m_Script: {fileID: 11500000, guid: aa584fbee541324448dd18d8409c7a41, type: 3}
  m_Name: 
  m_EditorClassIdentifier: 
  ObservedComponentsFoldoutOpen: 1
  Group: 0
  prefixField: -1
  Synchronization: 3
  OwnershipTransfer: 0
  ObservedComponents:
  - {fileID: 4108554346579132937}
  viewIdField: 0
  InstantiationId: 2
  isRuntimeInstantiated: 0
--- !u!114 &4108554346579132937
MonoBehaviour:
  m_ObjectHideFlags: 0
  m_CorrespondingSourceObject: {fileID: 0}
  m_PrefabInstance: {fileID: 0}
  m_PrefabAsset: {fileID: 0}
  m_GameObject: {fileID: 4108554346579133047}
  m_Enabled: 1
  m_EditorHideFlags: 0
  m_Script: {fileID: 11500000, guid: 8efc6b1d64977384eb3405357896c656, type: 3}
  m_Name: 
  m_EditorClassIdentifier: 
  m_PositionModel:
    SynchronizeEnabled: 1
    TeleportEnabled: 1
    TeleportIfDistanceGreaterThan: 3
    InterpolateOption: 2
    InterpolateMoveTowardsSpeed: 1
    InterpolateLerpSpeed: 1
    ExtrapolateOption: 0
    ExtrapolateSpeed: 1
    ExtrapolateIncludingRoundTripTime: 1
    ExtrapolateNumberOfStoredPositions: 1
  m_RotationModel:
    SynchronizeEnabled: 1
    InterpolateOption: 1
    InterpolateRotateTowardsSpeed: 180
    InterpolateLerpSpeed: 5
  m_ScaleModel:
    SynchronizeEnabled: 0
    InterpolateOption: 0
    InterpolateMoveTowardsSpeed: 1
    InterpolateLerpSpeed: 0
--- !u!114 &3751591142346398136
MonoBehaviour:
  m_ObjectHideFlags: 0
  m_CorrespondingSourceObject: {fileID: 0}
  m_PrefabInstance: {fileID: 0}
  m_PrefabAsset: {fileID: 0}
  m_GameObject: {fileID: 4108554346579133047}
  m_Enabled: 1
  m_EditorHideFlags: 0
  m_Script: {fileID: 11500000, guid: f105371d1afa08542a43963f8caef571, type: 3}
  m_Name: 
  m_EditorClassIdentifier: 
  removeBehaviours:
  - {fileID: 697690064266023956}
--- !u!114 &4968644842313285795
MonoBehaviour:
  m_ObjectHideFlags: 0
  m_CorrespondingSourceObject: {fileID: 0}
  m_PrefabInstance: {fileID: 0}
  m_PrefabAsset: {fileID: 0}
  m_GameObject: {fileID: 4108554346579133047}
  m_Enabled: 1
  m_EditorHideFlags: 0
  m_Script: {fileID: 11500000, guid: 2a95e4c930a8fe947a3a56bdbd778584, type: 3}
  m_Name: 
  m_EditorClassIdentifier: 
  punchingForce: 2
--- !u!1001 &593264600004380224
PrefabInstance:
  m_ObjectHideFlags: 0
  serializedVersion: 2
  m_Modification:
    m_TransformParent: {fileID: 4108554346579133046}
    m_Modifications:
    - target: {fileID: 1000010184414672, guid: 5dc81ef5cae96304586abbc6e4b5beb8, type: 3}
      propertyPath: m_Name
      value: vr_glove_right
      objectReference: {fileID: 0}
    - target: {fileID: 1000010184414672, guid: 5dc81ef5cae96304586abbc6e4b5beb8, type: 3}
      propertyPath: m_TagString
      value: Player
      objectReference: {fileID: 0}
    - target: {fileID: 1000010184414672, guid: 5dc81ef5cae96304586abbc6e4b5beb8, type: 3}
      propertyPath: m_Layer
      value: 9
      objectReference: {fileID: 0}
    - target: {fileID: 4000011683143748, guid: 5dc81ef5cae96304586abbc6e4b5beb8, type: 3}
      propertyPath: m_LocalPosition.x
      value: 0
      objectReference: {fileID: 0}
    - target: {fileID: 4000011683143748, guid: 5dc81ef5cae96304586abbc6e4b5beb8, type: 3}
      propertyPath: m_LocalPosition.y
      value: 0
      objectReference: {fileID: 0}
    - target: {fileID: 4000011683143748, guid: 5dc81ef5cae96304586abbc6e4b5beb8, type: 3}
      propertyPath: m_LocalPosition.z
      value: 0
      objectReference: {fileID: 0}
    - target: {fileID: 4000011683143748, guid: 5dc81ef5cae96304586abbc6e4b5beb8, type: 3}
      propertyPath: m_LocalRotation.x
      value: 0
      objectReference: {fileID: 0}
    - target: {fileID: 4000011683143748, guid: 5dc81ef5cae96304586abbc6e4b5beb8, type: 3}
      propertyPath: m_LocalRotation.y
      value: 0
      objectReference: {fileID: 0}
    - target: {fileID: 4000011683143748, guid: 5dc81ef5cae96304586abbc6e4b5beb8, type: 3}
      propertyPath: m_LocalRotation.z
      value: 0
      objectReference: {fileID: 0}
    - target: {fileID: 4000011683143748, guid: 5dc81ef5cae96304586abbc6e4b5beb8, type: 3}
      propertyPath: m_LocalRotation.w
      value: 1
      objectReference: {fileID: 0}
    - target: {fileID: 4000011683143748, guid: 5dc81ef5cae96304586abbc6e4b5beb8, type: 3}
      propertyPath: m_RootOrder
      value: 0
      objectReference: {fileID: 0}
    - target: {fileID: 4000011683143748, guid: 5dc81ef5cae96304586abbc6e4b5beb8, type: 3}
      propertyPath: m_LocalEulerAnglesHint.x
      value: 0
      objectReference: {fileID: 0}
    - target: {fileID: 4000011683143748, guid: 5dc81ef5cae96304586abbc6e4b5beb8, type: 3}
      propertyPath: m_LocalEulerAnglesHint.y
      value: 0
      objectReference: {fileID: 0}
    - target: {fileID: 4000011683143748, guid: 5dc81ef5cae96304586abbc6e4b5beb8, type: 3}
      propertyPath: m_LocalEulerAnglesHint.z
      value: 0
      objectReference: {fileID: 0}
    - target: {fileID: 114000011652895316, guid: 5dc81ef5cae96304586abbc6e4b5beb8,
        type: 3}
      propertyPath: updatePose
      value: 0
      objectReference: {fileID: 0}
    - target: {fileID: 114000011652895316, guid: 5dc81ef5cae96304586abbc6e4b5beb8,
        type: 3}
      propertyPath: rangeOfMotion
      value: 1
      objectReference: {fileID: 0}
    - target: {fileID: 1000013089436196, guid: 5dc81ef5cae96304586abbc6e4b5beb8, type: 3}
      propertyPath: m_Layer
      value: 9
      objectReference: {fileID: 0}
    - target: {fileID: 1000013089436196, guid: 5dc81ef5cae96304586abbc6e4b5beb8, type: 3}
      propertyPath: m_Name
      value: m_root
      objectReference: {fileID: 0}
    - target: {fileID: 1000011418661950, guid: 5dc81ef5cae96304586abbc6e4b5beb8, type: 3}
      propertyPath: m_Layer
      value: 9
      objectReference: {fileID: 0}
    - target: {fileID: 1000013095006114, guid: 5dc81ef5cae96304586abbc6e4b5beb8, type: 3}
      propertyPath: m_Layer
      value: 9
      objectReference: {fileID: 0}
    - target: {fileID: 1000013622036354, guid: 5dc81ef5cae96304586abbc6e4b5beb8, type: 3}
      propertyPath: m_Layer
      value: 9
      objectReference: {fileID: 0}
    - target: {fileID: 1000013692278138, guid: 5dc81ef5cae96304586abbc6e4b5beb8, type: 3}
      propertyPath: m_Layer
      value: 9
      objectReference: {fileID: 0}
    - target: {fileID: 1000014258166540, guid: 5dc81ef5cae96304586abbc6e4b5beb8, type: 3}
      propertyPath: m_Layer
      value: 9
      objectReference: {fileID: 0}
    - target: {fileID: 1000010394603002, guid: 5dc81ef5cae96304586abbc6e4b5beb8, type: 3}
      propertyPath: m_Layer
      value: 9
      objectReference: {fileID: 0}
    - target: {fileID: 1000011658963394, guid: 5dc81ef5cae96304586abbc6e4b5beb8, type: 3}
      propertyPath: m_Layer
      value: 9
      objectReference: {fileID: 0}
    - target: {fileID: 1000012084568316, guid: 5dc81ef5cae96304586abbc6e4b5beb8, type: 3}
      propertyPath: m_Layer
      value: 9
      objectReference: {fileID: 0}
    - target: {fileID: 1000012754755106, guid: 5dc81ef5cae96304586abbc6e4b5beb8, type: 3}
      propertyPath: m_Layer
      value: 9
      objectReference: {fileID: 0}
    - target: {fileID: 1000012994108518, guid: 5dc81ef5cae96304586abbc6e4b5beb8, type: 3}
      propertyPath: m_Layer
      value: 9
      objectReference: {fileID: 0}
    - target: {fileID: 1000013883827546, guid: 5dc81ef5cae96304586abbc6e4b5beb8, type: 3}
      propertyPath: m_Layer
      value: 9
      objectReference: {fileID: 0}
    - target: {fileID: 1000012257691900, guid: 5dc81ef5cae96304586abbc6e4b5beb8, type: 3}
      propertyPath: m_Layer
      value: 9
      objectReference: {fileID: 0}
    - target: {fileID: 1000011962524656, guid: 5dc81ef5cae96304586abbc6e4b5beb8, type: 3}
      propertyPath: m_Layer
      value: 9
      objectReference: {fileID: 0}
    - target: {fileID: 137000011787564676, guid: 5dc81ef5cae96304586abbc6e4b5beb8,
        type: 3}
      propertyPath: m_Materials.Array.data[0]
      value: 
      objectReference: {fileID: 2100000, guid: d5ed5f09cdb515b45ae5f0b39e5edcd6, type: 2}
    - target: {fileID: 1000012430023084, guid: 5dc81ef5cae96304586abbc6e4b5beb8, type: 3}
      propertyPath: m_Layer
      value: 9
      objectReference: {fileID: 0}
    - target: {fileID: 1000013743352532, guid: 5dc81ef5cae96304586abbc6e4b5beb8, type: 3}
      propertyPath: m_Layer
      value: 9
      objectReference: {fileID: 0}
    - target: {fileID: 1000013529513138, guid: 5dc81ef5cae96304586abbc6e4b5beb8, type: 3}
      propertyPath: m_Layer
      value: 9
      objectReference: {fileID: 0}
    - target: {fileID: 1000010500634710, guid: 5dc81ef5cae96304586abbc6e4b5beb8, type: 3}
      propertyPath: m_Layer
      value: 9
      objectReference: {fileID: 0}
    - target: {fileID: 1000011501617704, guid: 5dc81ef5cae96304586abbc6e4b5beb8, type: 3}
      propertyPath: m_Layer
      value: 9
      objectReference: {fileID: 0}
    - target: {fileID: 1000012703779442, guid: 5dc81ef5cae96304586abbc6e4b5beb8, type: 3}
      propertyPath: m_Layer
      value: 9
      objectReference: {fileID: 0}
    - target: {fileID: 1000013195044528, guid: 5dc81ef5cae96304586abbc6e4b5beb8, type: 3}
      propertyPath: m_Layer
      value: 9
      objectReference: {fileID: 0}
    - target: {fileID: 1000010511528752, guid: 5dc81ef5cae96304586abbc6e4b5beb8, type: 3}
      propertyPath: m_Layer
      value: 9
      objectReference: {fileID: 0}
    - target: {fileID: 1000011093090538, guid: 5dc81ef5cae96304586abbc6e4b5beb8, type: 3}
      propertyPath: m_Layer
      value: 9
      objectReference: {fileID: 0}
    - target: {fileID: 1000011140077010, guid: 5dc81ef5cae96304586abbc6e4b5beb8, type: 3}
      propertyPath: m_Layer
      value: 9
      objectReference: {fileID: 0}
    - target: {fileID: 1000014247894228, guid: 5dc81ef5cae96304586abbc6e4b5beb8, type: 3}
      propertyPath: m_Layer
      value: 9
      objectReference: {fileID: 0}
    - target: {fileID: 1000014281583116, guid: 5dc81ef5cae96304586abbc6e4b5beb8, type: 3}
      propertyPath: m_Layer
      value: 9
      objectReference: {fileID: 0}
    - target: {fileID: 1000011508897038, guid: 5dc81ef5cae96304586abbc6e4b5beb8, type: 3}
      propertyPath: m_Layer
      value: 9
      objectReference: {fileID: 0}
    - target: {fileID: 1000011619497952, guid: 5dc81ef5cae96304586abbc6e4b5beb8, type: 3}
      propertyPath: m_Layer
      value: 9
      objectReference: {fileID: 0}
    - target: {fileID: 1000011352355576, guid: 5dc81ef5cae96304586abbc6e4b5beb8, type: 3}
      propertyPath: m_Layer
      value: 9
      objectReference: {fileID: 0}
    - target: {fileID: 1000012586765742, guid: 5dc81ef5cae96304586abbc6e4b5beb8, type: 3}
      propertyPath: m_Layer
      value: 9
      objectReference: {fileID: 0}
    - target: {fileID: 1000013867597150, guid: 5dc81ef5cae96304586abbc6e4b5beb8, type: 3}
      propertyPath: m_Layer
      value: 9
      objectReference: {fileID: 0}
    - target: {fileID: 1000013831639506, guid: 5dc81ef5cae96304586abbc6e4b5beb8, type: 3}
      propertyPath: m_Layer
      value: 9
      objectReference: {fileID: 0}
    - target: {fileID: 1000014250029776, guid: 5dc81ef5cae96304586abbc6e4b5beb8, type: 3}
      propertyPath: m_Layer
      value: 9
      objectReference: {fileID: 0}
    m_RemovedComponents: []
  m_SourcePrefab: {fileID: 100100000, guid: 5dc81ef5cae96304586abbc6e4b5beb8, type: 3}
--- !u!4 &591527359709701636 stripped
Transform:
  m_CorrespondingSourceObject: {fileID: 4000011683143748, guid: 5dc81ef5cae96304586abbc6e4b5beb8,
    type: 3}
  m_PrefabInstance: {fileID: 593264600004380224}
  m_PrefabAsset: {fileID: 0}
--- !u!114 &697690064266023956 stripped
MonoBehaviour:
  m_CorrespondingSourceObject: {fileID: 114000011652895316, guid: 5dc81ef5cae96304586abbc6e4b5beb8,
    type: 3}
  m_PrefabInstance: {fileID: 593264600004380224}
  m_PrefabAsset: {fileID: 0}
  m_GameObject: {fileID: 0}
  m_Enabled: 1
  m_EditorHideFlags: 0
  m_Script: {fileID: 11500000, guid: 00f6c0d7b5a00aa4a8d38a09a0480032, type: 3}
  m_Name: 
  m_EditorClassIdentifier: 
